<record><leader>00000cas a22000007i 4500</leader><controlfield tag="001">971022246</controlfield><controlfield tag="008">170201c20179999txuwr n       0   a0eng  </controlfield><datafield ind1=" " ind2=" " tag="010"><subfield code="a">  2017200323</subfield></datafield><datafield ind1=" " ind2=" " tag="040"><subfield code="a">DLC</subfield><subfield code="e">rda</subfield><subfield code="c">DLC</subfield><subfield code="b">eng</subfield><subfield code="d">DLC</subfield></datafield><datafield ind1=" " ind2=" " tag="012"><subfield code="m">1</subfield></datafield><datafield ind1="0" ind2=" " tag="022"><subfield code="a">2475-8477</subfield><subfield code="2">1</subfield></datafield><datafield ind1=" " ind2=" " tag="032"><subfield code="a">040700</subfield><subfield code="b">USPS</subfield></datafield><datafield ind1=" " ind2=" " tag="037"><subfield code="b">Gatehouse Media, 709 Hutchings Avenue, Ballinger, TX 76821</subfield></datafield><datafield ind1=" " ind2=" " tag="042"><subfield code="a">nsdp</subfield><subfield code="a">pcc</subfield></datafield><datafield ind1="1" ind2="0" tag="050"><subfield code="a">ISSN RECORD</subfield></datafield><datafield ind1="1" ind2="0" tag="082"><subfield code="a">071</subfield><subfield code="2">23</subfield></datafield><datafield ind1=" " ind2="0" tag="222"><subfield code="a">Runnels County register</subfield></datafield><datafield ind1="0" ind2="0" tag="245"><subfield code="a">Runnels County register.</subfield></datafield><datafield ind1=" " ind2="1" tag="264"><subfield code="a">Ballinger, TX :</subfield><subfield code="b">Gatehouse Media,</subfield><subfield code="c">2017-</subfield></datafield><datafield ind1=" " ind2=" " tag="310"><subfield code="a">Weekly</subfield></datafield><datafield ind1=" " ind2=" " tag="336"><subfield code="a">text</subfield><subfield code="b">txt</subfield><subfield code="2">rdacontent</subfield></datafield><datafield ind1=" " ind2=" " tag="337"><subfield code="a">unmediated</subfield><subfield code="b">n</subfield><subfield code="2">rdamedia</subfield></datafield><datafield ind1=" " ind2=" " tag="338"><subfield code="a">volume</subfield><subfield code="b">nc</subfield><subfield code="2">rdacarrier</subfield></datafield><datafield ind1="1" ind2=" " tag="362"><subfield code="a">Began with Vol. 1, No. 1 (Jan. 12, 2017)?</subfield></datafield><datafield ind1=" " ind2=" " tag="580"><subfield code="a">Merger of: The Ballinger ledger, and, The Winters enterprise.</subfield></datafield><datafield ind1=" " ind2=" " tag="588"><subfield code="a">Description based on: Vol. 1, No. 3 (Jan. 26, 2017) (surrogate); title from caption.</subfield></datafield><datafield ind1=" " ind2=" " tag="588"><subfield code="a">Latest issue consulted: Vol. 1, No. 3 (Jan. 26, 2017) (surrogate).</subfield></datafield><datafield ind1="1" ind2="4" tag="780"><subfield code="t">Ballinger ledger</subfield><subfield code="x">2331-7388</subfield><subfield code="w">(DLC)sn 86088288</subfield><subfield code="w">(OCoLC)13918452</subfield></datafield><datafield ind1="1" ind2="4" tag="780"><subfield code="t">Winters enterprise</subfield><subfield code="x">2331-7361</subfield><subfield code="w">(DLC)sn 86089306</subfield><subfield code="w">(OCoLC)14277969</subfield></datafield></record>